% Encoding: UTF-8


@Article{HMLVGan,
AUTHOR = {Gan, Zhi Lon and Musa, Siti Nurmaya and Yap, Hwa Jen},
TITLE = {A Review of the High-Mix, Low-Volume Manufacturing Industry},
JOURNAL = {Applied Sciences},
VOLUME = {13},
YEAR = {2023},
NUMBER = {3},
ARTICLE-NUMBER = {1687},
URL = {https://www.mdpi.com/2076-3417/13/3/1687},
ISSN = {2076-3417},
DOI = {10.3390/app13031687}
}




@article{ProductsCustomization,
title = {The mass customization decade: An updated review of the literature},
journal = {International Journal of Production Economics},
volume = {138},
number = {1},
pages = {14-25},
year = {2012},
issn = {0925-5273},
doi = {https://doi.org/10.1016/j.ijpe.2012.03.002},
url = {https://www.sciencedirect.com/science/article/pii/S0925527312000989},
author = {Flavio S. Fogliatto and Giovani J.C. {da Silveira} and Denis Borenstein},
keywords = {Mass customization, Literature review, Research gaps},
}

@article{reviewGeral,
author = {Dorothea Calmels},
title = {The job sequencing and tool switching problem: state-of-the-art literature review, classification, and trends},
journal = {International Journal of Production Research},
volume = {57},
number = {15-16},
pages = {5005--5025},
year = {2019},
publisher = {Taylor \& Francis},
doi = {10.1080/00207543.2018.1505057},
URL = {https://doi.org/10.1080/00207543.2018.1505057},
eprint = {https://doi.org/10.1080/00207543.2018.1505057}
}

@article{monoPedro,
author = {Silva, Pedro Lucas Damasceno},
title = {Busca local iterada aplicada ao sequenciamento de tarefas em máquinas flexíveis paralelas não idênticas},
journal = {ANAIS DO SIMPóSIO BRASILEIRO DE PESQUISA OPERACIONAL},
year = {2023},
publisher = {Taylor \& Francis},
doi = {10.59254/sbpo-2023-175050},
}

@article{basicSSP,
author = {Tang, Christopher S. and Denardo, Eric V.},
title = {Models Arising from a Flexible Manufacturing Machine, Part I: Minimization of the Number of Tool Switches},
journal = {Operations Research},
volume = {36},
number = {5},
pages = {767-777},
year = {1988},
doi = {10.1287/opre.36.5.767},
URL = {https://doi.org/10.1287/opre.36.5.767},
eprint = {https://doi.org/10.1287/opre.36.5.767}
}

@article{HolandaOG,
title = {Unsupervised parallel machines scheduling with tool switches},
journal = {Computers and Operations Research},
volume = {160},
pages = {106361},
year = {2023},
issn = {0305-0548},
doi = {https://doi.org/10.1016/j.cor.2023.106361},
url = {https://www.sciencedirect.com/science/article/pii/S0305054823002253},
author = {Quang-Vinh Dang and Koen Herps and Tugce Martagan and Ivo Adan and Jasper Heinrich},
keywords = {Scheduling, Tool switches, Unsupervised production, Genetic algorithm, Mixed-integer linear programming},
}

@article{4.0,
title = {Industry 4.0 smart reconfigurable manufacturing machines},
journal = {Journal of Manufacturing Systems},
volume = {59},
pages = {481-506},
year = {2021},
issn = {0278-6125},
doi = {https://doi.org/10.1016/j.jmsy.2021.03.001},
url = {https://www.sciencedirect.com/science/article/pii/S027861252100056X},
author = {Jeff Morgan and Mark Halton and Yuansong Qiao and John G. Breslin},
keywords = {Smart manufacturing, Reconfigurable manufacturing systems, Cyber physical systems, Industry 4.0},
}

@article{pcb,
author = {Omar A. Ghrayeb, Nipa Phojanamongkolkij and Paul R. Finch},
title = {A mathematical model and heuristic procedure to schedule printed circuit packs on sequencers},
journal = {International Journal of Production Research},
volume = {41},
number = {16},
pages = {3849--3860},
year = {2003},
publisher = {Taylor \& Francis},
doi = {10.1080/0020754031000118071},
URL = {https://doi.org/10.1080/0020754031000118071},
eprint = {https://doi.org/10.1080/0020754031000118071}
}

@misc{metalReview,
    author = {the Business Resear Chcompany},
    title = {Metalworking Machinery Global Market Report 2024 – By Type},
    year = {2024},
    url = {https://www.thebusinessresearchcompany.com/report/metalworking-machinery-global-market-report},
    note = {Accessed: April 15, 2024}
}

@misc{cyberPhysical,
    author = {Splunk},
    title = {Cyber-Physical Systems (CPS) Explained},
    year = {2024},
    url = {https://www.splunk.com/en_us/blog/learn/cyber-physical-systems.html},
    note = {Accessed: April 22, 2024}
}


@misc{pcbReview,
    author = {IndustryARC},
    title = {Printed Circuit Board Assembly Market - Forecast(2024 - 2030)},
    year = {2024},
    url = {https://www.industryarc.com/Report/18291/printed-circuit-boards-pcb-assembly-market.html},
    note = {Accessed: April 15, 2024}
}

@misc{NPHardSPP,
  author    = {Crama, Yves and Kolen, Antoon W. J. and Oerlemans, Alwin G. and Spieksma, Frits C. R.},
  title     = {Minimizing the Number of Tool Switches on a Flexible Machine},
  journal   = {International Journal of Flexible Manufacturing Systems},
  volume    = {6},
  number    = {1},
  pages     = {33--54},
  year      = {1994},
  doi       = {10.1007/BF01324874},
  issn      = {1572-9370},
  url       = {https://doi.org/10.1007/BF01324874},
}

@article{KTNSUsado,
  author       = {André Luís Barroso Almeida and Joubert Castro Lima and Marco Antonio Moreira Carvalho},
  title        = {Revisitando o algoritmo Keep Tools Needed Soonest: implementações seriais e paralelas},
  journal      = {Anais do Simpósio Brasileiro de Pesquisa Operacional},
  year         = {2023},
  doi          = {10.59254/sbpo-2023-174916},
  accessdate   = {28 Abr. 2024}
}

@misc{GPCA-OG,
      title={An almost linear time complexity algorithm for the Tool Loading Problem}, 
      author={Mikhail Cherniavskii and Boris Goldengorin},
      year={2022},
      eprint={2207.02004},
      archivePrefix={arXiv},
      primaryClass={cs.DS}
}

@article{MonteCarlo,
    author = {Metropolis, Nicholas and Rosenbluth, Arianna W. and Rosenbluth, Marshall N. and Teller, Augusta H. and Teller, Edward},
    title = "{Equation of State Calculations by Fast Computing Machines}",
    journal = {The Journal of Chemical Physics},
    volume = {21},
    number = {6},
    pages = {1087-1092},
    year = {1953},
    month = {06},
    issn = {0021-9606},
    doi = {10.1063/1.1699114},
    url = {https://doi.org/10.1063/1.1699114},
    eprint = {https://pubs.aip.org/aip/jcp/article-pdf/21/6/1087/18802390/1087\_1\_online.pdf},
}

@article{PhysicalChemistry,
   title={Parallel tempering: Theory, applications, and new perspectives},
   volume={7},
   ISSN={1463-9084},
   url={http://dx.doi.org/10.1039/B509983H},
   DOI={10.1039/b509983h},
   number={23},
   journal={Physical Chemistry Chemical Physics},
   publisher={Royal Society of Chemistry (RSC)},
   author={Earl, David J. and Deem, Michael W.},
   year={2005},
   pages={3910} 
}

@article{Biology,
   title={Parallel tempering algorithm for conformational studies of biological molecules},
   volume={281},
   ISSN={0009-2614},
   url={http://dx.doi.org/10.1016/S0009-2614(97)01198-6},
   DOI={10.1016/s0009-2614(97)01198-6},
   number={1–3},
   journal={Chemical Physics Letters},
   publisher={Elsevier BV},
   author={Hansmann, Ulrich H.E.},
   year={1997},
   month=dec, pages={140–150} 
}

@article{ANDRE,
   title={ANDRE},
   volume={281},
   ISSN={0009-2614},
   url={http://dx.doi.org/10.1016/S0009-2614(97)01198-6},
   DOI={10.1016/s0009-2614(97)01198-6},
   number={1–3},
   journal={ANDRE},
   publisher={ANDRE},
   author={ANDRE},
   year={1997},
   month=dec, pages={140–150} 
}

@article{BestBasicSSP,
    author = {Mecler, Jordana and Subramanian, Anand and Vidal, Thibaut},
    year = {2020},
    month = {11},
    pages = {105153},
    title = {A simple and effective hybrid genetic search for the job sequencing and tool switching problem},
    volume = {127},
    journal = {Computers and Operations Research},
    doi = {10.1016/j.cor.2020.105153}
}






@article{Beezão,
title = {Scheduling identical parallel machines with tooling constraints},
journal = {European Journal of Operational Research},
volume = {257},
number = {3},
pages = {834-844},
year = {2017},
issn = {0377-2217},
doi = {https://doi.org/10.1016/j.ejor.2016.08.008},
url = {https://www.sciencedirect.com/science/article/pii/S0377221716306233},
author = {Andreza Cristina Beezão and Jean-François Cordeau and Gilbert Laporte and Horacio Hideki Yanasse},
}

@article{bard,
author = {JONATHAN F. BARD Associate Professor},
title = {A Heuristic for Minimizing the Number of Tool Switches on a Flexible Machine},
journal = {IIE Transactions},
volume = {20},
number = {4},
pages = {382--391},
year = {1988},
publisher = {Taylor \& Francis},
doi = {10.1080/07408178808966195},
URL = {https://doi.org/10.1080/07408178808966195},
eprint = {https://doi.org/10.1080/07408178808966195}
}

@article{Privault,
  author    = {Caroline Privault and Gerd Finke},
  title     = {Modelling a tool switching problem on a single NC-machine},
  journal   = {Journal of Intelligent Manufacturing},
  year      = {1995},
  volume    = {6},
  number    = {2},
  pages     = {87--94},
  month     = apr,
  issn      = {1572-8145},
  doi       = {10.1007/BF00123680},
  url       = {https://doi.org/10.1007/BF00123680}
}


@article{Keung2001,
  author = {Keung, K. W. and Ip, W. H. and Lee, T. C.},
  title = {The Solution of a Multi-Objective Tool Selection Model Using the GA Approach},
  journal = {The International Journal of Advanced Manufacturing Technology},
  year = {2001},
  volume = {18},
  number = {11},
  pages = {771-777},
  doi = {10.1007/s001700170001},
  url = {https://doi.org/10.1007/s001700170001},
  issn = {1433-3015}
}

@article{Matzliach,
title = {Storage management of items in two levels of availability},
journal = {European Journal of Operational Research},
volume = {121},
number = {2},
pages = {363-379},
year = {2000},
issn = {0377-2217},
doi = {https://doi.org/10.1016/S0377-2217(99)00037-5},
url = {https://www.sciencedirect.com/science/article/pii/S0377221799000375},
author = {Barouch Matzliach and Michal Tzur},
keywords = {Flexible manufacturing systems, Production, Complexity, Heuristics},
}

@article{Tzur,
author = {Tzur, Michal and Altman, Avri},
year = {2004},
month = {02},
pages = {95-110},
title = {Minimization of tool switches for a flexible manufacturing machine with slot assignment of different tool sizes},
volume = {36},
journal = {IIE Transactions},
doi = {10.1080/07408170490245351}
}

@article{Hirvikorpi,
title = {The general two-level storage management problem: A reconsideration of the KTNS-rule},
journal = {European Journal of Operational Research},
volume = {171},
number = {1},
pages = {189-207},
year = {2006},
issn = {0377-2217},
doi = {https://doi.org/10.1016/j.ejor.2004.08.031},
url = {https://www.sciencedirect.com/science/article/pii/S0377221704005934},
author = {Mika Hirvikorpi and Kari Salonen and Timo Knuutila and Olli S. Nevalainen},
keywords = {Flexible manufacturing systems, PCB assembly industry, Tool change, Heuristics, Exact solution},
}


@article{Farughi,
author = {Farughi, Hiwa and Dolatabadiaa, Mohsen and Moradi, Vahed and Karbasi, vida and Mostafayi, Sobhan},
title = {Minimizing the number of tool switches in flexible manufacturing cells subject to tools reliability using genetic algorithm},
journal = {Journal of Industrial and Systems Engineering},
volume = {10},
number = {special issue on Quality Control and Reliability},
pages = {17-33},
year  = {2017},
publisher = {Iranian Institute of Industrial Engineering},
issn = {1735-8272}, 
eissn = {2717-3380}, 
doi = {},
keywords = {tool switches,Reliability,Flexible manufacturing systems,Genetic algorithm},	
url = {https://www.jise.ir/article_33655.html},
eprint = {https://www.jise.ir/article_33655_b336d3237fefd7e86dedeaad450bb15b.pdf}
}

@article{noel,
title = {Tool planning for a lights-out machining system},
journal = {Journal of Manufacturing Systems},
volume = {26},
number = {3},
pages = {161-166},
year = {2007},
note = {Design, Planning, and Control for Reconfigurable Manufacturing Systems},
issn = {0278-6125},
doi = {https://doi.org/10.1016/j.jmsy.2007.10.004},
url = {https://www.sciencedirect.com/science/article/pii/S0278612508000344},
author = {Martin Noël and Manbir S. Sodhi and Bernard F. Lamond},
}

@article{Agnetis,
author = {Agnetis, Alessandro and Detti, Paolo and Pranzo, Marco and Sodhi, Manbir},
year = {2009},
month = {02},
pages = {45-54},
title = {Sequencing unreliable jobs on parallel machines},
volume = {12},
journal = {J. Scheduling},
doi = {10.1007/s10951-008-0076-6}
}

@article{ozpeynirci,
title = {Parallel machine scheduling with tool loading},
journal = {Applied Mathematical Modelling},
volume = {40},
number = {9},
pages = {5660-5671},
year = {2016},
issn = {0307-904X},
doi = {https://doi.org/10.1016/j.apm.2016.01.006},
url = {https://www.sciencedirect.com/science/article/pii/S0307904X16000093},
author = {Selin Özpeynirci and Burak Gökgür and Brahim Hnich},
keywords = {Parallel machines, Scheduling, Tool assignment, Mixed integer programming, Tabu search},
}

@article{RupeKuo,
author = {J. Rupe and W. Kuo},
title = {Solutions to a modified tool loading problem for a single FMM},
journal = {International Journal of Production Research},
volume = {35},
number = {8},
pages = {2253--2268},
year = {1997},
publisher = {Taylor \& Francis},
doi = {10.1080/002075497194831},
URL = {https://doi.org/10.1080/002075497194831},
eprint = {https://doi.org/10.1080/002075497194831}
}

@phdthesis{TeseAndre2024,
  author  = "André Luís Barroso Almeida",
  title   = "Revisitando o Revenimento Paralelo: Computação de Alto Desempenho e Aplicação em Pesquisa Operacional",
  school  = "Universidade Federal de Ouro Preto",
  year    = "2024",
  type    = "Tese de doutorado",
  address = "Ouro Preto",
  month   = "Agosto"
}

@article{lopez2016irace,
  title={The irace package: Iterated racing for automatic algorithm configuration},
  author={L{\'o}pez-Ib{\'a}{\~n}ez, Manuel and Dubois-Lacoste, J{\'e}r{\'e}mie and C{\'a}ceres, Leslie P{\'e}rez and Birattari, Mauro and St{\"u}tzle, Thomas},
  journal={Operations Research Perspectives},
  volume={3},
  pages={43--58},
  year={2016},
  publisher={Elsevier}
}